@Book{DummyBook:1,
author = "John Doe",
title = "Untitled Book",
publisher = "Dummy Publisher",
year = 2019,
}
@article{DummyArticle:1,
author = "John Doe",
title = "Untitled article",
publisher = "Dummy Publisher",
year = 2019,
}
@article{DummyArticle:2,
author = "John Doe",
title = "Untitled article",
publisher = "Dummy Publisher",
year = 2019,
}

